@inproceedings{10.1145/3093241.3093254,
    author = {Mamouni, Abdelaziz and Marzak, Abdelaziz},
    title = {ZCP Modernization by Recovering ZCM Models from Existing Platforms},
    year = {2017},
    isbn = {9781450352413},
    publisher = {Association for Computing Machinery},
    address = {New York, NY, USA},
    url = {https://doi.org/10.1145/3093241.3093254},
    doi = {10.1145/3093241.3093254},
    booktitle = {Proceedings of the International Conference on Compute and Data Analysis},
    pages = {252–256},
    numpages = {5},
    keywords = {ZCP, Unified Modeling Language (UML), Model Driven Architecture (MDA), ZCMGenerator, ZCMGProcess, Metamodel, ZCM Model, MOF, Extensible Markup Language (XML), Architecture Driven Modernization (ADM), Zakat},
    location = {Lakeland, FL, USA},
    series = {ICCDA '17}
}
@inproceedings{10.1109/ASE.2015.84,
    author = {Iosif-Laz\u{a}r, Alexandru F. and Al-Sibahi, Ahmad Salim and Dimovski, Aleksandar S. and Savolainen, Juha Erik and Sierszecki, Krzysztof and W\k{a}sowski, Andrzej},
    title = {Experiences from Designing and Validating a Software Modernization Transformation},
    year = {2015},
    isbn = {9781509000241},
    publisher = {IEEE Press},
    url = {https://doi.org/10.1109/ASE.2015.84},
    doi = {10.1109/ASE.2015.84},
    booktitle = {Proceedings of the 30th IEEE/ACM International Conference on Automated Software Engineering},
    pages = {597–607},
    numpages = {11},
    keywords = {program transformation, symbolic execution, experience report, functional equivalence},
    location = {Lincoln, Nebraska},
    series = {ASE '15}
}
@proceedings{10.1145/2768510,
    title = {e-Energy '15: Proceedings of the 2015 ACM Sixth International Conference on Future Energy Systems},
    year = {2015},
    isbn = {9781450336093},
    publisher = {Association for Computing Machinery},
    address = {New York, NY, USA},
    location = {Bangalore, India}
}
@inproceedings{10.1145/3350768.3350792,
    author = {Santos, Bruno Marinho and de Souza Landi, Andr\'{e} and de Guzm\'{a}n, Ignacio Garc\'{\i}a-Rodr\'{\i}guez and Piattini, Mario and de Camargo, Valter Vieira},
    title = {Towards a Reference Architecture for ADM-Based Modernization Tools},
    year = {2019},
    isbn = {9781450376518},
    publisher = {Association for Computing Machinery},
    address = {New York, NY, USA},
    url = {https://doi.org/10.1145/3350768.3350792},
    doi = {10.1145/3350768.3350792},
    booktitle = {Proceedings of the XXXIII Brazilian Symposium on Software Engineering},
    pages = {114–123},
    numpages = {10},
    keywords = {Modernization Tools, Reference Architecture, Knowledge Discovery Metamodel, Architecture-Driven Modernization},
    location = {Salvador, Brazil},
    series = {SBES 2019}
}
@inproceedings{10.1145/2739011.2739021,
    author = {Frey, Frank J. and Hentrich, Carsten and Zdun, Uwe},
    title = {Capability-Based Service Identification in Service-Oriented Legacy Modernization},
    year = {2015},
    isbn = {9781450334655},
    publisher = {Association for Computing Machinery},
    address = {New York, NY, USA},
    url = {https://doi.org/10.1145/2739011.2739021},
    doi = {10.1145/2739011.2739021},
    booktitle = {Proceedings of the 18th European Conference on Pattern Languages of Program},
    articleno = {10},
    numpages = {12},
    keywords = {service-oriented legacy modernization, software architecture, SOA, business capabilities, patterns},
    location = {Irsee, Germany},
    series = {EuroPLoP '13}
}
@inproceedings{10.1145/3164541.3164582,
    author = {Bakr, Muhammad Abu and Lee, Sukhan},
    title = {Comparative Analysis of Ellipsoidal Methods for Distributed Data Fusion},
    year = {2018},
    isbn = {9781450363853},
    publisher = {Association for Computing Machinery},
    address = {New York, NY, USA},
    url = {https://doi.org/10.1145/3164541.3164582},
    doi = {10.1145/3164541.3164582},
    booktitle = {Proceedings of the 12th International Conference on Ubiquitous Information Management and Communication},
    articleno = {44},
    numpages = {8},
    keywords = {Unknown correlation, Distributed sensor network, Distributed fusion architecture, Multisensor data fusion, Kalman filter},
    location = {Langkawi, Malaysia},
    series = {IMCOM '18}
}
@inproceedings{10.1145/3307630.3342410,
    author = {Rosiak, Kamil and Urbaniak, Oliver and Schlie, Alexander and Seidl, Christoph and Schaefer, Ina},
    title = {Analyzing Variability in 25 Years of Industrial Legacy Software: An Experience Report},
    year = {2019},
    isbn = {9781450366687},
    publisher = {Association for Computing Machinery},
    address = {New York, NY, USA},
    url = {https://doi.org/10.1145/3307630.3342410},
    doi = {10.1145/3307630.3342410},
    pages = {65–72},
    numpages = {8},
    keywords = {legacy software, variability, software prodct line, clone-and-own},
    location = {Paris, France},
    series = {SPLC '19}
}
@inproceedings{10.1145/2489280.2489291,
    author = {Wendland, Marc-Florian and Kranz, Marco and Hein, Christian and Ritter, Tom and Garc\'{\i}a Flaquer, Ana},
    title = {Model-Based Testing in Legacy Software Modernization: An Experience Report},
    year = {2013},
    isbn = {9781450321617},
    publisher = {Association for Computing Machinery},
    address = {New York, NY, USA},
    url = {https://doi.org/10.1145/2489280.2489291},
    doi = {10.1145/2489280.2489291},
    booktitle = {Proceedings of the 2013 International Workshop on Joining AcadeMiA and Industry Contributions to Testing Automation},
    pages = {35–40},
    numpages = {6},
    keywords = {UML Testing Profile (UTP), Model-driven modernization, test automation, Fokus!MBT, model-based testing (MBT)},
    location = {Lugano, Switzerland},
    series = {JAMAICA 2013}
}
@article{10.1002/smr.278,
    author = {Rahgozar, Maseud and Oroumchian, Farhad},
    title = {An Effective Strategy for Legacy Systems Evolution},
    year = {2003},
    issue_date = {September-October 2003},
    publisher = {John Wiley & Sons, Inc.},
    address = {USA},
    volume = {15},
    number = {5},
    issn = {1040-550X},
    url = {https://doi.org/10.1002/smr.278},
    doi = {10.1002/smr.278},
    month = sep,
    pages = {325–344},
    numpages = {20},
    keywords = {application migration, legacy databases, legacy applications, database normalization, legacy system renovation}
}
@article{article,
author = {Malladi, Srinivas and Ramakrishna, G. and Rao, K. and Babu, E},
year = {2016},
month = {02},
pages = {292-297},
title = {Analysis of Legacy System in Software Application Development: A Comparative Survey},
volume = {6},
journal = {International Journal of Electrical and Computer Engineering (IJECE)},
doi = {10.11591/ijece.v6i1.8367}
}









